@Manual{R2017,
    title = {R: A Language and Environment for Statistical Computing},
    author = {{R Core Team}},
    organization = {R Foundation for Statistical Computing},
    address = {Vienna, Austria},
    year = {2017},
    url = {https://www.R-project.org/},
  }

@Manual{vegan2017,
    title = {vegan: Community Ecology Package},
    author = {Jari Oksanen and F. Guillaume Blanchet and Michael Friendly and Roeland Kindt and Pierre Legendre and Dan McGlinn and Peter R. Minchin and R. B. O'Hara and Gavin L. Simpson and Peter Solymos and M. Henry H. Stevens and Eduard Szoecs and Helene Wagner},
    year = {2017},
    note = {R package version 2.4-3},
    url = {https://CRAN.R-project.org/package=vegan},
  }

@book{borcard2011,
  title={Numerical ecology with R},
  author={Borcard, Daniel and Gillet, Francois and Legendre, Pierre},
  year={2011},
  publisher={Springer Science \& Business Media}
}
